@book{Jaynes2003,
  author =       {E. T. Jaynes},
  title =        {Probability Theory: {T}he Logic of Science},
  publisher =    {Cambridge University Press},
  year =         {2003},
  address =      {Cambridge},
}

@ARTICLE{Lunn2003,
  AUTHOR =       {Lunn, D.},
  TITLE =        {{WinBUGS Development Interface (WBDev)}},
  JOURNAL =      {ISBA Bulletin},
  YEAR =         {2003},
  volume =       {10},
  pages =        {10--11},
}

@ARTICLE{Abelson1997,
  AUTHOR =       {Abelson, R. P.},
  TITLE =        {On the Surprising Longevity of Flogged Horses: {W}hy There is a Case for the Significance Test},
  JOURNAL =      {Psychological Science},
  YEAR =         {1997},
  volume =       {8},
  pages =        {12--15},
}
@ARTICLE{AczelEtAl2017,
  AUTHOR =       {Aczel, B. and Palfi, B. and Szaszi, B.},
  TITLE =        {Estimating the Evidential Value of Significant Results in Psychological Science},
  JOURNAL =      {{PLoS ONE}},
  YEAR =         {2017},
  volume =       {12},
  pages =        {e0182651},
}
@ARTICLE{VandekerckhoveEtAl2011,
  AUTHOR =       {Vandekerckhove, J. and Tuerlinckx, F. and Lee, M. D.},
  TITLE =        {Hierarchical Diffusion Models for Two--Choice Response Times},
  JOURNAL =      {Psychological Methods},
  YEAR =         {2011},
  volume =       {16},
  pages =        {44--62},
}

@INCOLLECTION{Gelman1996,
  AUTHOR =       {Gelman, A.},
  editor =       {Gilks, W. R. and Richardson, S. and Spiegelhalter, D. J.},
  booktitle =    {{M}arkov chain {M}onte {C}arlo in Practice},
  title =        {Inference and Monitoring Convergence},
  PUBLISHER =    {Chapman \& Hall/CRC},
  YEAR =         {1996},
  address =      {Boca Raton (FL)},
  pages =        {131--143},
}
@BOOK{GelmanHill2007,
  AUTHOR =       {Gelman, A. and Hill, J.},
  TITLE =        {Data Analysis Using Regression and Multilevel/Hierarchical Models},
  PUBLISHER =    {Cambridge University Press},
  YEAR =         {2007},
  address =      {Cambridge},
}
@ARTICLE{GelmanRubin1992,
  AUTHOR =       {Gelman, A. and Rubin, D. B.},
  TITLE =        {Inference from Iterative Simulation Using Multiple Sequences (with discussion)},
  JOURNAL =      {Statistical Science},
  YEAR =         {1992},
  volume =       {7},
  pages =        {457--472},
}

